3016 4878
244 401 309 467 580
712 417 867 467 neuneu

246 581 312 646 que
326 558 480 624 rinetos⁶
494 561 528 623 in
542 557 736 625 Tullianum
745 567 764 597 ⁸¹
781 555 1016 646 compingunt:
1028 571 1042 612 ⁷
1058 563 1296 649 cantharoque,
1310 573 1346 630 et

245 666 320 746 ipso
335 661 525 739 simulacro,
548 661 639 745 qnod
656 664 824 744 gerebam,
840 663 933 747 apud
950 664 1015 728 sani
1032 665 1207 730 donarium
1219 665 1231 705 ⁸
1242 675 1257 703 '¹
1270 669 1350 732 red·.

246 763 326 830 ditis
355 783 398 827 ac
421 767 639 844 consecratis,
667 767 796 832 altorn⁹
818 765 871 830 die
896 767 1097 850 productum
1122 787 1186 845 me,
1212 787 1344 834 rursmn

246 887 327 932 voce
348 867 517 950 praeconis
539 869 649 932 vaenui
674 869 880 952 subjiciunt‚¹
905 876 1098 953 septemque
1119 871 1264 934 nummis
1286 891 1344 936 ca·

244 969 342 1047 rius,²
370 987 469 1052 quarn
494 971 586 1052 prius
606 977 680 1034 me¹
712 981 969 1054 comparaverat
994 971 1185 1048 Phileous
1207 973 1344 1055 qnidam

244 1074 374 1157 pistor⁵
398 1071 439 1135 de
454 1072 609 1154 proximo
624 1073 763 1137 castello
778 1073 993 1156 proestioavit.
1040 1072 1263 1157 Protinusque
1278 1075 1345 1138 sru-

243 1269 308 1318 eisst
320 1270 344 1318 is
355 1285 470 1321 emerem
477 1288 487 1328 ,·
500 1273 655 1334 easlbnrequs
665 1276 689 1321 et
706 1272 757 1335 ipra
768 1272 872 1333 imagine
882 1271 951 1331 Dee,
961 1285 1029 1334 puers
1039 1271 1170 1332 portabam,
1182 1267 1302 1332 depositis,
1317 1282 1346 1316 rrc

243 1336 382 1384 muerets's
391 1336 417 1383 is
428 1337 526 1384 donorio
536 1337 628 1398 templi,
636 1337 787 1399 disseparati
797 1338 928 1398 producunt
939 1351 983 1394 sas,
993 1341 1062 1398 utque
1072 1336 1157 1383 iterum
1169 1349 1221 1382 roes
1227 1334 1345 1397 preconis

243 1401 347 1447 ruralem
354 1401 516 1460 proseminat.
537 1401 572 1450 Et
581 1399 673 1463 quidm
685 1401 763 1464 pistor
773 1416 804 1450 ex
812 1401 919 1462 proximo
928 1400 1022 1448 castello
1033 1415 1069 1448 ure
1077 1400 1133 1448 erait
1144 1404 1233 1462 upon
1242 1395 1345 1446 nummis

242 1462 330 1526 eules,
341 1479 410 1526 quem
421 1463 535 1514 Philebus
543 1470 613 1514 estes
623 1480 659 1514 me
672 1470 769 1514 arserat.
802 1463 936 1528 Statimque
946 1479 982 1513 rus
996 1464 1066 1527 probe
1080 1462 1345 1523 emmerammensis,

242 1697 326 1744 locum
347 1696 536 1746 emendandum
556 1698 713 1762 putarimus,
722 1697 815 1760 priseae
827 1699 962 1760 scripturae
975 1695 1082 1745 ductum
1095 1695 1188 1755 secuti,
1199 1709 1256 1758 quae
1269 1701 1341 1744 erat:

243 1759 294 1808 His
315 1764 339 1808 et
357 1761 413 1809 eliis
433 1761 547 1810 similibus
557 1761 745 1821 dunibsrustru
756 1762 902 1810 ablaterutis.
921 1761 961 1810 ΑΙ.
978 1760 1114 1810 ublutrutir.
1126 1760 1221 1818 Vulgo,
1238 1759 1299 1807 Hoec
1319 1765 1344 1809 et

242 1823 305 1872 elius
313 1825 401 1873 similes
419 1825 522 1889 effusius
535 1825 633 1886 frustra
651 1827 803 1876 oblatrantes.
836 1825 1025 1874 ‘Blateraudi'
1048 1823 1154 1872 verbum
1173 1821 1295 1886 frequens
1316 1825 1343 1874 in

242 1885 291 1936 hoc
310 1888 415 1938 Nostro.
451 1891 509 1939 Non
525 1889 591 1940 bene
610 1891 686 1940 aliter
698 1891 762 1953 legit
774 1889 843 1954 apud
855 1891 996 1940 Varronem
1008 1887 1171 1938 doctissimus
1183 1887 1321 1936 Turnebus
1336 1906 1342 1934 :

244 1951 332 2003 ‘Quid
353 1955 411 2003 esti
428 1953 490 2018 qnid
513 1953 647 2004 blateras?
664 1955 725 2032 quid
738 1953 821 2003 dabo?
838 1953 899 2018 quid
911 1955 949 2002 vis
960 1953 1006 2002 tibi
1016 1953 1034 2001 l'
1051 1953 1159 2002 Festus:
1179 1951 1186 1978 ‘
1198 1952 1344 2014 blaterare,

242 2023 284 2065 est
303 2018 382 2066 stulte
402 2026 429 2066 et
447 2018 587 2082 percupide
609 2019 785 2082 loqn1:quod
805 2019 926 2068 sGraeco
938 2018 1000 2080 βλὰξ
1010 2017 1135 2080 originem
1148 2015 1238 2066 ducit)
1272 2015 1343 2065 Vide

242 2081 354 2130 Nouium
368 2082 487 2132 Marcell.
500 2090 526 2132 et
538 2083 701 2146 Fulgenlirun
715 2083 873 2132 Placiadern.
892 2085 959 2132 Colo.
993 2083 1046 2132 Has
1057 2087 1080 2132 et
1097 2081 1157 2130 nlius
1174 2081 1264 2129 similes
1281 2081 1344 2144 effu.

242 2145 295 2194 aius
303 2145 400 2203 frustra
419 2147 567 2197 altercantes.
603 2145 645 2196 lta
656 2147 758 2197 Berlin.
787 2147 884 2196 Arnob.
897 2148 941 2196 lib.
956 2161 982 2196 v.
998 2147 1103 2196 ‘Deum
1115 2159 1174 2194 eum
1185 2145 1342 2194 burnunculo

242 2206 421 2258 altercabilem
441 2211 602 2260 conseruisse
625 2210 789 2260 sermonem.'
817 2211 954 2274 Scioppius
971 2209 1054 2276 Symb.
1071 2209 1133 2260 elS
1177 2244 1183 2257 .
1210 2210 1280 2258 l-sv.
1299 2213 1343 2260 23.

242 2273 298 2322 Hes
314 2278 338 2322 st
352 2275 413 2323 nlius
431 2273 519 2323 similes
538 2275 640 2338 effessius
652 2275 679 2335 s.
700 2274 864 2325 ebletrrnsles.
895 2275 938 2325 Sic
960 2275 1081 2339 rescripsi
1104 2289 1136 2323 ex
1182 2275 1227 2323 lor.
1244 2273 1268 2322 in
1290 2289 1343 2338 quo

241 2346 309 2396 erar,
338 2337 394 2386 Hes
417 2343 440 2386 sl
465 2339 555 2388 similes
576 2338 681 2452 efesina
706 2339 732 2398 s.
753 2338 916 2390 adlaternatr's.
951 2341 982 2390 lu
1006 2339 1079 2388 Bert.
1101 2347 1150 2396 est,
1177 2337 1213 2386 H.
1234 2341 1258 2386 et
1276 2354 1300 2386 e.
1322 2355 1343 2389 s.

239 2401 339 2461 asaneus
358 2403 380 2464 s.
403 2401 553 2452 altercantes.
603 2419 619 2451 n
640 2404 760 2466 vulgetis,
790 2403 840 2452 His
858 2409 882 2453 et
902 2405 957 2453 aliis
978 2403 1093 2452 similibus
1113 2401 1257 2466 effusius.
1280 2401 1342 2451 llat-

241 2467 334 2514 terutir.
363 2465 576 2518 Elmenborstins.
610 2467 652 2517 ΑΙ.
681 2467 825 2527 ablstrutis5
849 2467 918 2517 unde
940 2467 1083 2532 conjectent
1106 2467 1262 2528 legendum:
1291 2467 1343 2516 His

240 2536 265 2580 rt
284 2531 339 2579 eliis
360 2530 474 2580 simultas
496 2529 638 2594 effuuiissr.
657 2531 804 2580 ublateruts's.
838 2531 929 2581 Aurei.
953 2533 1110 2582 Prudentius
1131 2529 1184 2594 περὶ
1194 2528 1342 2590 treodruv':

242 2595 326 2643 ‘Crun
351 2595 436 2644 uerbis
459 2609 549 2644 carens
578 2595 623 2644 Nll
647 2595 673 2644 in
694 2597 810 2644 Deorum
837 2597 1014 2646 oblaetersret
1034 2595 1177 2646 dedecusr’
1202 2612 1215 2643 e
1238 2595 1342 2644 literam

241 2657 375 2722 adhibens,
387 2661 427 2710 vel
458 2659 499 2706 uie
510 2659 547 2708 sic
557 2659 608 2716 legi
620 2659 723 2722 quidam
736 2661 834 2722 volunt,
845 2664 885 2710 rel
898 2659 1007 2710 sortasse
1019 2662 1094 2709 metri
1112 2673 1197 2710 causa.
1216 2659 1343 2709 Erant.-

240 2722 428 2772 bAbeeteoss
473 2725 533 2773 alat.
568 2723 695 2772 Retrorsus
712 2721 844 2772 D'Orrill.
878 2723 1222 2787 Fux.sdducsstGrreli.pr·
1242 2724 1343 2773 oud.—

240 2792 256 2836 u
274 2785 361 2836 Guell'.
375 2804 414 2851 pr.
425 2787 474 2838 Ed.
492 2789 567 2838 Vulc.
583 2803 621 2850 pr.
636 2789 717 2837 rietus.
735 2787 825 2838 lde?
844 2789 982 2852 Impingunt
998 2791 1083 2840 Palat.
1100 2789 1189 2838 lat-a
1206 2789 1258 2839 Ms.
1269 2791 1342 2838 dene·

239 2852 310 2902 risu
329 2853 402 2901 Colv.
427 2853 470 2902 Sic
483 2852 554 2902 Pitb.
567 2861 594 2901 et
607 2851 737 2902 D'Orv.a
767 2853 1249 2917 uopreveexolantrdgerebamupud.
1275 2855 1342 2902 Fur.

239 2921 271 2965 rt.
286 2917 412 2966 D'Oruill.
425 2916 514 2966 Guelf.
524 2932 576 2966 sec.
585 2917 720 2966 constratis.
733 2870 823 2965 Ine-tl
835 2919 1050 2967 flouultnl’elat.
1060 2922 1201 2981 proderent.
1221 2919 1341 2968 Elmeub.

238 2981 339 3041 sapius
352 2982 406 3030 bec
420 2981 514 3029 accidit
528 2981 644 3028 variatio.
678 2979 744 3028 Vide
764 2979 796 3028 ad
816 2981 834 3028 l.
853 2995 895 3029 ur.
914 2998 938 3044 p.
959 2987 999 3030 56.
1034 2983 1076 3032 Ne
1095 2983 1174 3046 igitur
1188 2983 1229 3031 bic
1246 2991 1343 3030 mutes.

238 3046 274 3110 ’1Ὶῖ
285 3045 395 3108 dorspalp
405 3045 441 3092 ait
453 3045 590 3093 Lucienus.
610 3045 720 3092 ond-l
741 3043 798 3093 Pal.
808 3045 906 3094 uuest.
925 3045 1015 3096 lu-a
1034 3047 1120 3095 Curius
1128 3049 1201 3096 abest
1211 3045 1340 3096 D'Oruill.

240 3113 329 3162 [dei
350 3111 408 3160 Nou
421 3109 499 3159 babet
516 3107 546 3155 rb
561 3123 596 3156 me
608 3107 712 3158 D'Orv.
730 3107 818 3160 ld.-t
835 3109 892 3159 Pel.
904 3109 1113 3176 fibubus.1d.—5
1131 3109 1183 3160 Ms.
1195 3111 1275 3173 idem,
1286 3125 1341 3174 prrs-

733 3249 840 3300 uorur
855 3215 856 3222 ἵ

268 3353 287 3378 ¹¹
302 3347 334 3395 ln
359 3345 503 3409 Tullianum]
530 3346 687 3394 incarcere
715 3345 766 3394 ito·
800 3348 843 3411 jus
855 3349 967 3401 carceris
985 3346 1095 3398 Romani
1111 3348 1215 3398 nomine
1229 3349 1340 3410 queruli·

235 3441 311 3476 mano
323 3439 382 3490 pers
390 3425 558 3474 subterranea
569 3421 764 3472 dictst'uitTul·
806 3423 851 3474 bet
871 3425 947 3474 sliuru
965 3439 1097 3476 carcerem
1109 3434 1188 3475 vocet
1206 3425 1248 3474 hle
1266 3425 1341 3492 Apu.

237 3503 332 3552 lisnrrnr
350 3517 365 3552 a
381 3501 471 3550 Seruio
489 3500 577 3549 Tullio
597 3500 678 3562 Rege,
689 3515 704 3550 e
715 3515 765 3564 qno
804 3497 878 3550 laius.
905 3501 964 3552 Fuit
976 3509 1105 3565 praeterea
1115 3501 1142 3552 in
1154 3502 1272 3552 Romano
1283 3519 1341 3554 car·

236 3578 391 3628 aedificatum
412 3577 492 3627 luisse
515 3575 634 3625 traditur.
667 3575 764 3626 Sallus·
804 3588 864 3624 cere
883 3577 934 3624 elie
952 3579 1029 3640 pars‘
1043 3578 1133 3628 Robur
1149 3577 1249 3642 ’dicts,
1267 3581 1339 3632 unde

236 3656 296 3715 tius,
323 3656 349 3702 in
372 3653 476 3702 Catilio.
501 3653 645 3702 'l'ullisnum
664 3652 700 3701 sic
720 3652 764 3700 de·
804 3649 1019 3714 precipitabetur
1043 3652 1223 3704 meleficsrnrn
1246 3669 1339 3718 weiss,

235 3730 343 3780 scribit:
361 3731 430 3778 ‘Est
441 3731 511 3782 locus
526 3730 551 3778 in
569 3745 682 3791 carcere,
695 3727 763 3793 quod
803 3725 870 3789 quod
883 3735 944 3776 ante
959 3729 1024 3778 arcis
1042 3730 1169 3778 robusteis
1186 3730 1339 3782 includeba-

234 3807 381 3857 Tullianum
410 3805 566 3868 appelletur,
589 3805 634 3854 ubi
659 3805 762 3868 paulurn
803 3809 853 3853 tur.
887 3801 1062 3866 strangulatio
1077 3803 1156 3855 tiebat
1165 3805 1191 3854 in
1203 3805 1338 3871 Tulliano,

235 3881 384 3930 ascenderis
403 3879 436 3928 ad
453 3879 553 3940 luerem,
568 3881 675 3930 circiter
689 3879 762 3944 quin·
802 3877 977 3944 precipitatlo
989 3879 1021 3928 de
1038 3877 1157 3940 Robore;
1174 3880 1255 3930 tiebat
1273 3897 1338 3946 quo-

235 3954 318 4005 declrn
332 3955 411 4020 pedes
427 3956 496 4003 borni
515 3956 662 4024 depressus.
696 3958 761 4007 Eum
803 3969 852 4020 que
864 3969 879 4004 e
892 3969 955 4018 rupe
972 3955 1092 4019 Tarpeia,
1102 3955 1152 4006 boc
1169 3963 1218 4014 est,
1229 3971 1243 4006 e
1256 3957 1337 4023 Capi·

234 4033 352 4080 muniunt
364 4029 476 4095 undique
496 4033 619 4095 parietes,
637 4039 713 4098 atque
725 4035 761 4083 in·
803 4031 875 4080 tolio.

233 4121 419 4170 supercemera
427 4106 535 4170 lapideis
544 4106 682 4158 fornicibus
686 4111 761 4172 junc-
833 4107 1007 4172 annuarum]
1025 4107 1076 4159 Hie
1094 4123 1144 4159 non
1166 4109 1261 4160 donum
1281 4112 1336 4178 sig-

233 4189 271 4241 ta,
283 4183 328 4231 aed
345 4184 442 4233 inculta
454 4183 577 4240 tenebris,
588 4183 668 4233 odore
684 4183 761 4244 toeda,
801 4182 899 4244 nificat,
916 4184 962 4234 sed
975 4185 1058 4236 locurn
1072 4185 1098 4235 in
1110 4201 1160 4250 quo
1172 4187 1240 4238 dona
1260 4203 1336 4256 repo·

233 4263 311 4321 atque
328 4258 450 4307 terribilis
461 4259 518 4321 eius
529 4256 610 4308 iacies
618 4258 677 4309 est!
705 4259 760 4308 liu·
800 4257 938 4308 nebantur.
