3016 4878
233 392 301 460 osu
706 405 863 454 ananau

234 551 327 630 nati3
343 553 399 614 οἱ*
413 547 448 612 in
461 543 598 612 modum
608 545 772 630 pugilum,
786 547 845 630 qui
858 543 1049 629 pulvisculo
1058 543 1227 628 perspersi
1236 543 1339 610 dimi·

235 659 322 729 csat,
336 649 562 716 farinulento⁵
588 648 695 712 cinero
713 647 848 712 sordide
868 642 1067 712 candidati*
1111 645 1134 710 J
1136 665 1191 712 em
1205 645 1247 710 de
1260 665 1340 710 meo

230 753 434 838 jnnnntario
447 749 461 792 ⁶
476 751 694 816 contubernio
709 749 801 833 quid,
815 751 870 814 vel
885 749 927 814 ad
943 765 1041 833 quern
1056 747 1194 812 modum
1210 767 1343 812 memo·

234 858 349 921 remi⁷
388 853 518 932 Quales
549 852 598 916 illi
627 853 709 916 muli
739 870 850 928 senos,
886 851 941 914 vol
968 848 1154 916 cantherii⁸
1181 849 1342 914 debilcsi

239 957 339 1022 Circa
354 953 557 1040 praesepium
572 953 687 1036 capita
702 948 866 1030 demersi,¹
880 951 1143 1016 contruncabant
1157 951 1264 1016 moles
1279 969 1343 1034 ps-

235 1059 380 1124 learum:
410 1054 538 1119 cervice
553 1054 708 1118 cariosa⁹
730 1053 903 1116 vulnerum
918 1052 1100 1136 putredine,
1118 1052 1343 1118 follicantesl‘

238 1167 357 1225 nures¹
375 1155 550 1240 languidas
565 1155 704 1220 assiduo
715 1154 815 1238 pulsu
825 1153 1029 1218 tussedinis⁰
1044 1153 1174 1231 hiulci·
1186 1159 1341 1238 pectora³

237 1379 281 1431 poe
297 1366 376 1415 scisse
392 1363 501 1415 calebant
517 1363 606 1414 oculis:
622 1368 690 1412 nunt
708 1376 797 1425 psopse
812 1361 857 1410 toti
867 1361 915 1410 albi
931 1357 1246 1422 innuendosurinespoiilne,
1262 1359 1345 1410 instar

236 1431 387 1492 oneum,
403 1431 444 1492 psi
459 1434 567 1494 pugnant
585 1428 704 1491 conspersi
722 1427 811 1476 minoto
826 1428 931 1490 putam.
964 1426 1028 1482 Quid
1043 1429 1121 1475 mens
1131 1429 1155 1473 et
1165 1426 1278 1487 quomodo
1288 1425 1346 1485 jors

236 1497 338 1556 merom
348 1495 507 1556 drisimir,
517 1493 575 1542 aneis
585 1487 807 1541 contubernalibus?
823 1491 902 1553 psaies
911 1495 978 1539 mast
996 1489 1033 1538 illi
1047 1495 1137 1538 uermes
1148 1490 1206 1538 nott
1215 1495 1239 1538 et
1250 1489 1346 1553 infirmi

238 1558 313 1624 epsii
327 1559 436 1610 descissis
445 1557 560 1622 caprilibus
570 1556 633 1606 circs
641 1570 744 1620 proeseps
754 1556 821 1604 ooide
832 1555 1016 1604 comminuebant
1026 1568 1120 1602 meroes
1132 1553 1257 1617 pokoreso
1267 1570 1275 1602 ε
1286 1555 1346 1602 aot·

238 1625 287 1674 lens
304 1621 557 1686 incompactum
573 1621 662 1685 plagis,
678 1633 749 1670 nores
767 1619 901 1668 osismios
917 1624 941 1668 el
960 1618 1085 1680 weida
1100 1621 1208 1681 puersas
1229 1618 1343 1668 continno

699 1761 884 1783 om

238 1865 284 1917 llb.
294 1877 356 1916 vrrs.
372 1881 399 1930 p.
411 1867 468 1916 168.
484 1862 652 1914 ‘Visceribus
665 1859 768 1912 adesis!
800 1861 869 1912 Pitlr.
883 1859 1000 1925 palpebris
1010 1861 1100 1910 adieri.
1118 1860 1239 1912 oud-b
1257 1862 1346 1914 Quem

261 1945 321 1980 rore
333 1929 449 1980 Prieneus
460 1928 602 1987 existimet,
612 1925 722 1977 fortasse
741 1927 832 1976 melios
850 1927 941 1988 reponi
960 1927 1021 1988 ideo,
1038 1925 1123 1976 discos
1141 1939 1174 1974 ex
1194 1927 1291 1976 notetis
1312 1927 1347 1977 sd

240 1947 287 2046 iiis.
305 2008 368 2046 usur.
387 2010 413 2058 p.
426 1998 481 2044 169.
508 1991 615 2058 ‘Atque
636 1991 702 2040 adeo
722 1991 763 2039 rel
783 1990 907 2040 donemus
929 1988 1007 2040 ensa!
1024 1989 1113 2040 lit-4
1133 1989 1176 2040 Ut.
1204 1990 1293 2053 Lego:
1311 1999 1347 2042 et.

240 2060 347 2124 Sciopp.
359 2059 385 2110 lo
398 2058 486 2121 symb.
521 2059 555 2106 tte
566 2063 605 2104 est
617 2055 642 2105 ia
654 2056 720 2105 Mos.
732 2061 760 2104 et
771 2055 837 2104 Edd.
857 2055 892 2104 0.
910 2062 1008 2117 praeter
1025 2054 1098 2105 Colo.
1115 2054 1190 2104 Vulc.
1202 2053 1289 2106 Mero.
1302 2057 1348 2106 El·

240 2125 325 2176 menlr.
337 2138 370 2174 cx
382 2123 575 2187 typothetarum
586 2133 686 2170 errore.
718 2119 804 2168 Voces
816 2119 856 2181 psi
871 2118 998 2184 psloiscslo
1006 2117 1124 2182 perspersi
1133 2117 1258 2179 dimicant,
1270 2121 1348 2184 qussi

260 2189 363 2250 lassam,
373 2187 499 2238 uncinulis
511 2185 614 2234 inclusit
625 2184 778 2234 Scriverius.
796 2183 907 2232 Oua-o
926 2183 1089 2234 Furinalento.
1121 2182 1171 2230 Mo.
1183 2180 1350 2242 farinulenta.

281 2253 356 2302 lrius.
389 2251 458 2300 Flor.
469 2249 628 2309 farinulenta.
656 2248 731 2296 Boot.
741 2247 955 2310 f.creore,mole.
972 2246 1080 2298 libnmb.
1115 2246 1348 2300 Forinsientsouru

241 2317 311 2366 Flor-
322 2315 417 2366 Cstuil.
431 2313 565 2364 Carmeli.
580 2313 732 2362 ‘Virtutum
743 2311 854 2360 omniurn
867 2311 960 2360 scerbs
970 2309 1050 2360 clais!
1084 2309 1170 2360 Cornu.
1181 2325 1220 2362 rr.
1233 2317 1274 2364 un.
1289 2315 1298 2341 ‘
1311 2315 1349 2364 Et

241 2387 340 2430 sautem
358 2379 529 2444 nequicquam
541 2377 688 2441 slioquerer
698 2375 829 2425 cinerem!
847 2375 952 2426 Lucret.
964 2388 1003 2425 ιν.
1014 2379 1072 2425 tut.
1090 2377 1097 2402 ⁸
1112 2375 1208 2425 Ciuerc
1220 2383 1248 2426 ut
1261 2379 1347 2428 mults

239 2445 305 2495 lstet
317 2444 427 2494 obrutas
438 2441 525 2506 ignis!
557 2441 600 2490 Sic
611 2449 639 2490 et
649 2439 714 2490 Cad-
727 2439 803 2490 Bodl.
815 2445 842 2489 ot
852 2439 963 2488 Serenus
971 2439 1159 2500 Sammonicus,
1170 2441 1282 2504 Plinius,
1292 2443 1349 2492 Vs·

240 2508 365 2568 lerisans,
381 2506 497 2558 Scribon-
514 2505 623 2569 bargus‚
643 2507 701 2554 280.
734 2503 904 2564 AtVirgilius
924 2511 952 2553 et
971 2503 1069 2553 Statius
1083 2517 1186 2567 semper
1198 2507 1351 2560 masculine.

247 2571 376 2624 Waru-ti
394 2571 489 2633 Vulgo,
510 2569 665 2630 jornentom'o.
706 2567 866 2629 Jurnentnnr,
883 2568 1075 2630 jumentarios:
1098 2569 1273 2632 Momentum,
1292 2586 1350 2621 ruo·

241 2636 395 2686 meritorias:
413 2634 569 2698 Argentum,
585 2633 754 2696 argentarius.
771 2632 837 2681 Colo.
873 2631 922 2681 Ed.
935 2633 1011 2683 bunt.
1024 2639 1091 2696 post.
1109 2647 1167 2683 cum
1180 2635 1245 2684 Mes.
1259 2635 1293 2684 0.
1304 2639 1350 2698 J's·

242 2700 420 2763 mestoriojsnr
432 2697 551 2761 dederat,
568 2705 597 2746 ut
608 2697 696 2746 debet.
728 2695 796 2746 Vide
808 2695 841 2746 sd
852 2695 958 2746 sueton.
969 2695 1060 2746 Claud.
1071 2711 1094 2746 c·
1105 2701 1128 2746 2.
1141 2707 1168 2748 et
1180 2697 1268 2748 (lions.
1283 2702 1351 2750 Ond.

243 2768 292 2814 -l
310 2763 413 2815 D’Orr.
429 2763 547 2812 memorie.
564 2761 655 2813 td.-a
671 2761 758 2811 Oxou.
776 2775 792 2809 a
811 2776 845 2809 ru.
865 2775 904 2822 pr.
922 2760 1023 2822 comari,
1034 2760 1124 2812 Gueli.
1136 2762 1253 2812 cantheri-
1271 2763 1351 2816 Id.—

244 2833 261 2878 9
279 2827 366 2880 Gnell.
383 2843 437 2878 sec.
447 2828 548 2876 curiosa
565 2825 654 2874 ld.-l
672 2827 724 2874 Me.
736 2829 811 2873 neten
843 2825 1017 2887 'l'eptullianus
1028 2825 1072 2874 lib.
1084 2825 1117 2873 de
1129 2825 1225 2888 Pellio,
1238 2830 1263 2878 lo
1283 2843 1351 2880 uens

243 2893 277 2943 de
292 2893 495 2944 chamaeleonte:
514 2897 521 2919 ⁸
534 2889 657 2940 Oscitsus
670 2891 795 2947 rescitur,
807 2887 925 2937 lollianus
938 2888 1068 2938 ruminet!
1085 2890 1151 2940 Colo.
1185 2891 1253 2942 Vide
1264 2845 1350 2944 istm.

246 2958 282 3006 ibi
304 2971 330 3020 p.
342 2961 400 3006 tbi.
441 2955 472 3004 In
492 2955 578 3004 Pelet.
591 2953 727 3013 soliconus.
744 2952 814 3001 Pith.
831 2967 897 3000 nors.
915 2953 1035 3003 ond-2
1052 2953 1122 3004 Flor.
1139 2971 1163 3006 a.
1182 2970 1207 3018 p.
1224 2963 1245 3006 t.
1260 2959 1350 3008 iusim.

243 3021 319 3071 'l'sles
336 3018 497 3068 ‘tussiocos'
514 3027 589 3067 oocst
600 3017 733 3066 Firmicus.
749 3016 908 3066 stoan-s
926 3017 1013 3067 Oxou.
1024 3033 1039 3068 s
1051 3032 1085 3067 m·
1097 3033 1136 3082 pr.
1154 3026 1258 3084 pectore.
1275 3023 1351 3074 Oud.

739 3152 848 3203 N0'l'lE

241 3255 409 3314 frumentum,
426 3251 472 3302 sed
488 3249 775 3316 praemetismcaque·
815 3253 987 3305 ‘deformiter
1013 3255 1137 3308 formati!
1187 3259 1236 3310 Est
1263 3261 1352 3326 lignrs

244 3333 316 3382 beat.
349 3328 524 3392 Etaipaieius
541 3328 583 3376 tric
602 3325 635 3375 de
654 3323 726 3375 runo
743 3341 774 3375 sc
815 3328 974 3379 Rhetoribns
994 3331 1238 3395 oxymorondioto.
1273 3339 1352 3390 Aila-

245 3419 353 3470 rspore,
364 3404 408 3468 qui
419 3418 452 3452 es
464 3402 539 3452 iurao
551 3402 616 3460 exit,
626 3401 686 3450 dnm
696 3401 774 3464 liguis
813 3403 852 3454 dit
870 3413 956 3456 sutem
970 3407 1011 3456 bia
1027 3409 1184 3471 jocrrloriter
1201 3413 1234 3462 sd
1247 3429 1351 3468 morem

243 3481 348 3548 injectis
369 3477 466 3541 calefit,
491 3477 560 3542 loqui
582 3476 702 3537 videtum
729 3476 774 3541 qni
813 3481 950 3544 Veterum,
977 3483 1021 3547 qui
1045 3493 1104 3548 toga
1126 3487 1238 3540 cendida
1261 3492 1353 3545 induri

243 3560 330 3611 famus
353 3555 428 3606 raldo
451 3563 530 3606 nocet
551 3556 642 3616 oculis,
664 3555 774 3620 ciliaqoe
812 3555 980 3618 magistratus
990 3559 1125 3621 petabsnt.

243 3647 423 3698 uonnanqnsm
436 3631 531 3692 adurit,
552 3630 573 3680 ri
584 3631 730 3693 pracerum
741 3630 774 3680 sd
847 3629 853 3664 ¹
871 3632 957 3696 Capito
978 3636 1091 3700 mersi]
1117 3637 1177 3690 Ηω
1199 3655 1266 3692 ,000
1282 3645 1351 3696 ode,

242 3710 411 3776 praefurnium
423 3707 530 3771 propius
542 3713 570 3756 et
580 3707 772 3773 iaceatiusquio
813 3708 907 3756 mersi’
923 3723 1022 3760 summo
1043 3712 1170 3776 ingluvies
1193 3716 1351 3774 denotetur.

244 3787 361 3838 secedet.
404 3785 483 3846 Nem,
501 3781 523 3832 si
545 3781 578 3830 de
597 3783 707 3847 caligine
727 3783 773 3832 ills
812 3781 844 3830 Io
864 3784 947 3832 reteri
964 3785 1173 3848 Epigrammata:
1191 3792 1301 3847 ‘Come
1320 3806 1353 3850 ut

169 3897 173 3908 .
242 3859 469 3926 conloquimur,
482 3855 670 3922 qnoflebstin
685 3859 772 3922 pistri-
812 3857 931 3908 demerso
943 3861 1215 3918 torridusarebibet.’

242 3954 276 3993 no
294 3953 328 3990 es
348 3937 420 3986 sumo
438 3943 466 3984 et
483 3933 589 3997 futigine
602 3935 773 3996 lucernorum,
845 3940 863 3968 ⁸
880 3935 1032 3998 Follicontes]
1059 3939 1164 3990 Crebris
1187 3945 1351 4001 enuntiatum

242 4015 276 4064 sd
284 4029 347 4079 qnos
358 4011 467 4062 lsriosur
478 4009 661 4066 lncabrsbont,
673 4023 724 4060 non
736 4011 772 4060 ri·
811 4023 887 4060 sures
894 4011 1054 4076 accipientes
1073 4015 1251 4086 reddentesqe
1263 4024 1352 4078 imm

241 4093 319 4142 detur
343 4088 482 4140 verisimile
508 4085 645 4149 palpebras
661 4085 771 4151 caligine
812 4083 920 4137 lollium.

245 4167 372 4230 ejusmodi
384 4162 461 4214 sdedi
474 4161 600 4224 potuisse.
843 4169 856 4196 ¹
876 4161 1023 4227 ibraminis]
1049 4165 1214 4222 vocobulum
1227 4173 1262 4224 sb
1274 4175 1351 4244 Apu.

276 4241 290 4278 ¹
306 4241 406 4293 Sordide
424 4235 558 4300 candidati]
577 4237 630 4312 Sic,
642 4237 688 4288 lib.
711 4251 772 4290 usu.
813 4237 864 4288 leia
875 4235 975 4300 licton,
986 4251 1045 4302 pro,
1057 4243 1131 4294 tussi.
